@article{tau,
 author = {Hartl, Michael},
 title = {The Tau Manifesto},
 url = {https://tauday.com/tau-manifesto},
 year = {2010},
}
